<?xml version="1.0" encoding="UTF-8"?><collection xmlns="http://www.loc.gov/MARC21/slim"><record><leader>00367nam--2200121-i-4500</leader><controlfield tag="001">000018311</controlfield><controlfield tag="002">20161230</controlfield><controlfield tag="005">20161230201032</controlfield><controlfield tag="008">060222s1000------------r-----000-0-eng-d</controlfield><datafield ind1=" " ind2=" " tag="100"><subfield code="a">Dreyer Karl, Mark J T</subfield></datafield><datafield ind1=" " ind2=" " tag="245"><subfield code="a">Ultra-high-vacuum system developments for the model c-stellarator</subfield></datafield><datafield ind1=" " ind2=" " tag="260"><subfield code="a">Lancaster, Radio Corporation Of America,/F.A/ 6 P. + Figuri</subfield></datafield><datafield ind1=" " ind2=" " tag="852"><subfield code="a">15204</subfield></datafield></record></collection>